@book { ITSicherheit,
      author = "Claudia Eckert",
      title = "IT-Sicherheit",
      year = "21 Aug. 2018",
      publisher = "De Gruyter Oldenbourg",
      address = "Berlin, Boston",
      isbn = "978-3-11-056390-0",
      doi = "https://doi.org/10.1515/9783110563900",
      url = "https://www.degruyter.com/view/title/530046"
}

@article{diffie1976new,
  title={New directions in cryptography},
  author={Diffie, Whitfield and Hellman, Martin},
  journal={IEEE transactions on Information Theory},
  volume={22},
  number={6},
  pages={644--654},
  year={1976},
  publisher={IEEE}
}

@book{watjen2018kryptographie,
  title={Kryptographie},
  author={W{\"a}tjen, Dietmar},
  year={2018},
  publisher={Springer}
}

@article{rsakem,
  title={Use of the RSA-KEM Key Transport Algorithm in the Cryptographic Message Syntax (CMS)},
  author={Randall, James and Kaliski, Burt and Brainard, John and Turner, Sean},
  journal={Proposed Standard},
  volume={5990},
  year={2010}
}

@book{chen2016report,
  title={Report on post-quantum cryptography},
  author={Chen, Lily and Chen, Lily and Jordan, Stephen and Liu, Yi-Kai and Moody, Dustin and Peralta, Rene and Perlner, Ray and Smith-Tone, Daniel},
  volume={12},
  year={2016},
  publisher={US Department of Commerce, National Institute of Standards and Technology}
}

@incollection{beutelspacher2010diskrete,
  title={Der diskrete Logarithmus, Diffie-Hellman-Schl{\"u}sselvereinbarung, ElGamal-Systeme},
  author={Beutelspacher, Albrecht and Neumann, Heike B and Schwarzpaul, Thomas},
  booktitle={Kryptografie in Theorie und Praxis},
  pages={132--144},
  year={2010},
  publisher={Springer}
}

@misc{boudot2795,
  title={795-bit factoring and discrete logarithms},
  author={Boudot, F and Gaudry, P and Guillevic, A and Heninger, N and Thome, E and Zimmermann, P}
}

@misc{nielsen2002quantum,
  title={Quantum computation and quantum information},
  author={Nielsen, Michael A and Chuang, Isaac},
  year={2002},
  publisher={American Association of Physics Teachers}
}shor1994algorithms

@inproceedings{shor1994algorithms,
  title={Algorithms for quantum computation: discrete logarithms and factoring},
  author={Shor, Peter W},
  booktitle={Proceedings 35th annual symposium on foundations of computer science},
  pages={124--134},
  year={1994},
  organization={Ieee}
}

@inproceedings{grover1996fast,
  title={A fast quantum mechanical algorithm for database search},
  author={Grover, Lov K},
  booktitle={Proceedings of the twenty-eighth annual ACM symposium on Theory of computing},
  pages={212--219},
  year={1996}
}
@article{chi2015lattice,
  title={Lattice based cryptography for beginners.},
  author={Chi, Dong Pyo and Choi, Jeong Woon and San Kim, Jeong and Kim, Taewan},
  journal={IACR Cryptol. ePrint Arch.},
  volume={2015},
  pages={938},
  year={2015},
  publisher={Citeseer}
}
@inproceedings{hoffstein1998ntru,
  title={NTRU: A ring-based public key cryptosystem},
  author={Hoffstein, Jeffrey and Pipher, Jill and Silverman, Joseph H},
  booktitle={International Algorithmic Number Theory Symposium},
  pages={267--288},
  year={1998},
  organization={Springer}
}
@book{gentry2009fully,
  title={A fully homomorphic encryption scheme},
  author={Gentry, Craig and Boneh, Dan},
  volume={20},
  number={9},
  year={2009},
  publisher={Stanford university Stanford}
}
@article{hartmanis1982computers,
  title={Computers and intractability: a guide to the theory of NP-completeness (michael r. garey and david s. johnson)},
  author={Hartmanis, Juris},
  journal={Siam Review},
  volume={24},
  number={1},
  pages={90},
  year={1982},
  publisher={Society for Industrial and Applied Mathematics}
}

@article{mavroeidis2018impact,
  title={The impact of quantum computing on present cryptography},
  author={Mavroeidis, Vasileios and Vishi, Kamer and Zych, Mateusz D and J{\o}sang, Audun},
  journal={arXiv preprint arXiv:1804.00200},
  year={2018}
}
@book{lidar2013quantum,
  title={Quantum error correction},
  author={Lidar, Daniel A and Brun, Todd A},
  year={2013},
  publisher={Cambridge university press}
}
@article{hartmanis1982computers,
  title={Computers and intractability: a guide to the theory of NP-completeness (michael r. garey and david s. johnson)},
  author={Hartmanis, Juris},
  journal={Siam Review},
  volume={24},
  number={1},
  pages={90},
  year={1982},
  publisher={Society for Industrial and Applied Mathematics}
}
@article{ding2017current,
  title={Current state of multivariate cryptography},
  author={Ding, Jintai and Petzoldt, Albrecht},
  journal={IEEE Security \& Privacy},
  volume={15},
  number={4},
  pages={28--36},
  year={2017},
  publisher={IEEE}
}
@inproceedings{ding2005rainbow,
  title={Rainbow, a new multivariable polynomial signature scheme},
  author={Ding, Jintai and Schmidt, Dieter},
  booktitle={International Conference on Applied Cryptography and Network Security},
  pages={164--175},
  year={2005},
  organization={Springer}
}
@article{bernstein2017post,
  title={Post-quantum cryptography},
  author={Bernstein, Daniel J and Lange, Tanja},
  journal={Nature},
  volume={549},
  number={7671},
  pages={188--194},
  year={2017},
  publisher={Nature Publishing Group}
}
@article{becker2008merkle,
  title={Merkle signature schemes, merkle trees and their cryptanalysis},
  author={Becker, Georg},
  journal={Ruhr-University Bochum, Tech. Rep},
  year={2008}
}
@book{merkle1979secrecy,
  title={Secrecy, authentication, and public key systems.},
  author={Merkle, Ralph Charles},
  year={1979},
  publisher={Stanford University}
}
@article{mceliece1978public,
  title={A public-key cryptosystem based on algebraic},
  author={McEliece, Robert J},
  journal={Coding Thv},
  volume={4244},
  pages={114--116},
  year={1978}
}
@inproceedings{jao2011towards,
  title={Towards quantum-resistant cryptosystems from supersingular elliptic curve isogenies},
  author={Jao, David and De Feo, Luca},
  booktitle={International Workshop on Post-Quantum Cryptography},
  pages={19--34},
  year={2011},
  organization={Springer}
}

@inproceedings{sike2020spec,
  title={Supersingular Isogeny Key Encapsulation},
  author={De Feo, Luca},
  booktitle={NIST round 3 submission},
  year={2020},
}
@article{costello2016gentle,
  title={A gentle introduction to isogeny-based cryptography},
  author={Costello, Craig and AIMSCS, CRRao},
  journal={Tutorial Talk at SPACE},
  year={2016}
}
@article{urbanik2017friendly,
  title={A Friendly Introduction to Supersingular Isogeny Diffie-Hellman},
  author={Urbanik, David},
  year={2017}
}
@inproceedings{costello2019supersingular,
  title={Supersingular Isogeny Key Exchange for Beginners},
  author={Costello, Craig},
  booktitle={International Conference on Selected Areas in Cryptography},
  pages={21--50},
  year={2019},
  organization={Springer}
}
@misc{microsoft2020sidh,
  title = {PQCrypto-SIDH},
  author = {Microsoft},
  year = {2020},
  publisher = {GitHub},
  journal = {GitHub repository},
  howpublished = {\url{https://github.com/microsoft/PQCrypto-SIDH}},
  commit = {873f8d118ee361181d23d1b0819fd6e2abda43b3}
}
@misc{circl2020github,
  title = {CIRCL},
  author = {Cloudflare},
  year = {2020},
  publisher = {GitHub},
  journal = {GitHub repository},
  howpublished = {\url{https://github.com/cloudflare/circl}},
  commit = {bd706baae982047d95d83ebe672da2394205ae39}
}
@misc{circl2019intro, 
	title={Introducing CIRCL: An Advanced Cryptographic Library}, 
	url={https://blog.cloudflare.com/introducing-circl/}, 
	author={Kwiatkowski, Kris and Faz-Hern√°ndez, Armando}, 
	year={2019}, 
	month={Jul}
}
@article{tani2009claw,
  title={Claw finding algorithms using quantum walk},
  author={Tani, Seiichiro},
  journal={Theoretical Computer Science},
  volume={410},
  number={50},
  pages={5285--5297},
  year={2009},
  publisher={Elsevier}
}
@inproceedings{jaques2019quantum,
  title={Quantum cryptanalysis in the RAM model: Claw-finding attacks on SIKE},
  author={Jaques, Samuel and Schanck, John M},
  booktitle={Annual International Cryptology Conference},
  pages={32--61},
  year={2019},
  organization={Springer}
}
@article{van1999parallel,
  title={Parallel collision search with cryptanalytic applications},
  author={Van Oorschot, Paul C and Wiener, Michael J},
  journal={Journal of cryptology},
  volume={12},
  number={1},
  pages={1--28},
  year={1999},
  publisher={Springer}
}
@misc{gowiki2020compiler,
  title = {GoLang Wiki Compiler Optimizations},
  howpublished = {\url{https://github.com/golang/go/wiki/CompilerOptimizations}},
  note = {Accessed: 2020-09-25}
}

@article{turner2009elliptic,
  title={Elliptic curve cryptography subject public key information},
  author={Turner, Sean and Brown, D and Yiu, Kelvin and Housley, Russ and Polk, Tim},
  journal={RFC 5480 (Proposed Standard)},
  year={2009}
}
@article{brown2010sec,
  title={Sec 2: Recommended elliptic curve domain parameters},
  author={Brown, Daniel RL},
  journal={Standars for Efficient Cryptography},
  year={2010},
  publisher={Certicom Corp.}
}
@article{koziel2018high,
  title={A high-performance and scalable hardware architecture for isogeny-based cryptography},
  author={Koziel, Brian and Azarderakhsh, Reza and Kermani, Mehran Mozaffari},
  journal={IEEE Transactions on Computers},
  volume={67},
  number={11},
  pages={1594--1609},
  year={2018},
  publisher={IEEE}
}


