@book { ITSicherheit,
      author = "Claudia Eckert",
      title = "IT-Sicherheit",
      year = "21 Aug. 2018",
      publisher = "De Gruyter Oldenbourg",
      address = "Berlin, Boston",
      isbn = "978-3-11-056390-0",
      doi = "https://doi.org/10.1515/9783110563900",
      url = "https://www.degruyter.com/view/title/530046"
}

@article{diffie1976new,
  title={New directions in cryptography},
  author={Diffie, Whitfield and Hellman, Martin},
  journal={IEEE transactions on Information Theory},
  volume={22},
  number={6},
  pages={644--654},
  year={1976},
  publisher={IEEE}
}

@book{watjen2018kryptographie,
  title={Kryptographie},
  author={W{\"a}tjen, Dietmar},
  year={2018},
  publisher={Springer}
}

@article{rsakem,
  title={Use of the RSA-KEM Key Transport Algorithm in the Cryptographic Message Syntax (CMS)},
  author={Randall, James and Kaliski, Burt and Brainard, John and Turner, Sean},
  journal={Proposed Standard},
  volume={5990},
  year={2010}
}

@book{chen2016report,
  title={Report on post-quantum cryptography},
  author={Chen, Lily and Chen, Lily and Jordan, Stephen and Liu, Yi-Kai and Moody, Dustin and Peralta, Rene and Perlner, Ray and Smith-Tone, Daniel},
  volume={12},
  year={2016},
  publisher={US Department of Commerce, National Institute of Standards and Technology}
}

@incollection{beutelspacher2010diskrete,
  title={Der diskrete Logarithmus, Diffie-Hellman-Schl{\"u}sselvereinbarung, ElGamal-Systeme},
  author={Beutelspacher, Albrecht and Neumann, Heike B and Schwarzpaul, Thomas},
  booktitle={Kryptografie in Theorie und Praxis},
  pages={132--144},
  year={2010},
  publisher={Springer}
}

@misc{boudot2795,
  title={795-bit factoring and discrete logarithms},
  author={Boudot, F and Gaudry, P and Guillevic, A and Heninger, N and Thome, E and Zimmermann, P}
}

@misc{nielsen2002quantum,
  title={Quantum computation and quantum information},
  author={Nielsen, Michael A and Chuang, Isaac},
  year={2002},
  publisher={American Association of Physics Teachers}
}shor1994algorithms

@inproceedings{shor1994algorithms,
  title={Algorithms for quantum computation: discrete logarithms and factoring},
  author={Shor, Peter W},
  booktitle={Proceedings 35th annual symposium on foundations of computer science},
  pages={124--134},
  year={1994},
  organization={Ieee}
}

@inproceedings{grover1996fast,
  title={A fast quantum mechanical algorithm for database search},
  author={Grover, Lov K},
  booktitle={Proceedings of the twenty-eighth annual ACM symposium on Theory of computing},
  pages={212--219},
  year={1996}
}

@article{mavroeidis2018impact,
  title={The impact of quantum computing on present cryptography},
  author={Mavroeidis, Vasileios and Vishi, Kamer and Zych, Mateusz D and J{\o}sang, Audun},
  journal={arXiv preprint arXiv:1804.00200},
  year={2018}
}




